% jcst.bib

@book{Lamport:SS02,
 author = {Lamport, Leslie},
 title = {Specifying Systems: The {TLA$^+$} Language and Tools for Hardware and Software Engineers},
 year = {2002},
 isbn = {0-3211-4306-X},
 publisher = {Addison-Wesley Longman Publishing Co., Inc.},
 address = {Boston, MA, USA},
} 

@article{Imine:TCS06,
 author = {Imine, Abdessamad and Rusinowitch, Micha\"{e}l and Oster, G{\'e}rald and Molli, Pascal},
 title = {Formal Design and Verification of Operational Transformation Algorithms for Copies Convergence},
 journal = {Theor. Comput. Sci.},
 volume = {351},
 number = {2},
 month = feb,
 year = {2006},
 pages = {167--183},
 doi = {10.1016/j.tcs.2005.09.066},
}

@inproceedings{Yuan:OSDI14,
 author = {Yuan, Ding and Luo, Yu and Zhuang, Xin and Rodrigues, Guilherme Renna and Zhao, Xu and Zhang, Yongle and Jain, Pranay U. and Stumm, Michael},
 title = {Simple Testing Can Prevent Most Critical Failures: An Analysis of Production Failures in Distributed Data-intensive Systems},
 booktitle = {Proceedings of the 11th USENIX Conference on Operating Systems Design and Implementation},
 series = {OSDI'14},
 year = {2014},
 pages = {249--265},
} 